<record><leader>00000cas a22000007a 4500</leader><controlfield tag="001">11449898</controlfield><controlfield tag="008">841204d191219uuutuwn ne      0   a0eng d</controlfield><datafield ind1=" " ind2=" " tag="010"><subfield code="a">sn 84002027 </subfield></datafield><datafield ind1=" " ind2=" " tag="040"><subfield code="a">NSD</subfield><subfield code="b">eng</subfield><subfield code="c">NSD</subfield><subfield code="d">UNP</subfield><subfield code="d">NSD</subfield><subfield code="d">UBY</subfield><subfield code="d">OCLCQ</subfield><subfield code="d">OCLCF</subfield><subfield code="d">OCLCO</subfield></datafield><datafield ind1=" " ind2=" " tag="012"><subfield code="j">1</subfield><subfield code="m">d</subfield></datafield><datafield ind1="1" ind2=" " tag="022"><subfield code="a">8755-9072</subfield><subfield code="l">8755-9072</subfield><subfield code="2">1</subfield></datafield><datafield ind1=" " ind2=" " tag="037"><subfield code="b">Newtah, Inc., 11 S. Main, Pleasant Grove, UT 84062</subfield></datafield><datafield ind1=" " ind2=" " tag="042"><subfield code="a">nsdp</subfield></datafield><datafield ind1=" " ind2=" " tag="043"><subfield code="a">n-us-ut</subfield></datafield><datafield ind1=" " ind2="0" tag="222"><subfield code="a">Pleasant Grove review</subfield></datafield><datafield ind1="0" ind2="0" tag="245"><subfield code="a">Pleasant Grove review.</subfield></datafield><datafield ind1="1" ind2="3" tag="246"><subfield code="a">Review</subfield><subfield code="f">Aug. 7, 1980-Jan. 15, 1981</subfield></datafield><datafield ind1=" " ind2=" " tag="260"><subfield code="a">Pleasant Grove, Utah :</subfield><subfield code="b">Alpine Pub. Co.</subfield></datafield><datafield ind1=" " ind2=" " tag="300"><subfield code="a">v. :</subfield><subfield code="b">ill. ;</subfield><subfield code="c">55 m.</subfield></datafield><datafield ind1=" " ind2=" " tag="310"><subfield code="a">Weekly (except Christmas, Thanksgiving)</subfield></datafield><datafield ind1="1" ind2=" " tag="362"><subfield code="a">Began in 1912.</subfield><subfield code="z">Cf. NIM, 1948-72.</subfield></datafield><datafield ind1=" " ind2=" " tag="588"><subfield code="a">Description based on: Vol. 3, no. 33 (Dec. 18, 1915).</subfield></datafield><datafield ind1=" " ind2="0" tag="651"><subfield code="a">Pleasant Grove (Utah)</subfield><subfield code="v">Newspapers.</subfield></datafield><datafield ind1=" " ind2="0" tag="651"><subfield code="a">Utah County (Utah)</subfield><subfield code="v">Newspapers.</subfield></datafield><datafield ind1=" " ind2="7" tag="655"><subfield code="a">Newspapers.</subfield><subfield code="2">fast</subfield><subfield code="0">(OCoLC)fst01423814</subfield></datafield><datafield ind1=" " ind2="7" tag="651"><subfield code="a">Utah</subfield><subfield code="z">Pleasant Grove.</subfield><subfield code="2">fast</subfield><subfield code="0">(OCoLC)fst01226780</subfield></datafield><datafield ind1=" " ind2="7" tag="651"><subfield code="a">Utah</subfield><subfield code="z">Utah County.</subfield><subfield code="2">fast</subfield><subfield code="0">(OCoLC)fst01207105</subfield></datafield><datafield ind1=" " ind2=" " tag="752"><subfield code="a">United States</subfield><subfield code="b">Utah</subfield><subfield code="c">Utah</subfield><subfield code="d">Pleasant Grove.</subfield></datafield><datafield ind1="0" ind2="0" tag="785"><subfield code="t">Pleasant Grove review, new Utah!</subfield><subfield code="x">1521-6861</subfield><subfield code="w">(DLC)sn 98002482</subfield></datafield><datafield ind1=" " ind2=" " tag="936"><subfield code="a">Oct. 31, 1984</subfield></datafield></record>